
@book{prialnikIntroductionTheoryStellar2009,
  langid = {english},
  location = {{Cambridge}},
  title = {An Introduction to the Theory of Stellar Structure and Evolution},
  edition = {2nd ed},
  isbn = {978-0-521-86604-0},
  pagetotal = {314},
  publisher = {{Cambridge University Press}},
  date = {2009},
  keywords = {Étoiles,évolution stellaire,structure interne (astronomie)},
  author = {Prialnik, Dina}
}

@book{kippenhahnStellarStructureEvolution1990,
  location = {{Berlin ; Heidelberg [etc.]}},
  title = {Stellar Structure and Evolution},
  isbn = {978-3-540-50211-1 978-0-387-50211-3},
  pagetotal = {468},
  series = {Astronomy and Astrophysics Library},
  publisher = {{Springer}},
  date = {1990},
  keywords = {évolution stellaire,formation stellaire},
  author = {Kippenhahn, Rudolf and Weigert, Alfred}
}

@book{branchSupernovaExplosions2017,
  location = {{Garching}},
  title = {Supernova Explosions},
  isbn = {978-3-662-55052-6},
  pagetotal = {721},
  publisher = {{Springer}},
  date = {2017},
  keywords = {Supernovae},
  author = {Branch, David and Wheeler, J. Craig}
}

@book{chandrasekharIntroductionStudyStellar1939,
  location = {{New York}},
  title = {An Introduction to the Study of Stellar Structure},
  pagetotal = {509},
  series = {Dover Books on Physics, Engineering},
  publisher = {{Dover}},
  date = {1939},
  keywords = {évolution stellaire},
  author = {Chandrasekhar, Subrahmanyan}
}

@book{audouzeAstrophysiqueNucleaire2003,
  location = {{Paris}},
  title = {L'astrophysique Nucléaire},
  edition = {4e éd. mise à jour},
  isbn = {978-2-13-053300-9},
  pagetotal = {127},
  number = {1473},
  series = {Que Sais-Je?},
  publisher = {{Presses universitaires de France}},
  date = {2003},
  keywords = {Astrophysique nucléaire},
  author = {Audouze, Jean and Vauclair, Sylvie}
}

@misc{courbinfredericPolycopieAstroIEPFL,
  langid = {french},
  title = {Polycopié\_AstroI\_EPFL.pdf},
  author = {Courbin Frédéric and {Meylan Georges}}
}

@misc{prof.p.jablonkaPolycopieAstroIIEPFL,
  langid = {french},
  title = {Polycopié\_AstroII\_EPFL.pdf},
  author = {{Prof. P. Jablonka}}
}

@inreference{wikipediaCycleCarboneazoteoxygene2017,
  langid = {french},
  title = {Cycle carbone-azote-oxygène},
  url = {https://fr.wikipedia.org/w/index.php?title=Cycle_carbone-azote-oxyg%C3%A8ne&oldid=135240610},
  booktitle = {Wikipédia},
  urldate = {2019-03-24},
  date = {2017-03-08T20:12:22Z},
  author = {{wikipédia}},
  note = {Page Version ID: 135240610}
}

@online{esslingerGeantesRouges,
  langid = {french},
  title = {Les géantes rouges},
  url = {https://www.astronomes.com/le-soleil-et-les-etoiles/geante-rouge},
  journaltitle = {Astronomie et Astrophysique},
  urldate = {2019-03-27},
  author = {Esslinger, Olivier}
}

@online{FaconVivrePropre,
  title = {Une Façon de Vivre Propre Aux Étoiles - {{La}} Phase d'étoile Géante},
  url = {http://www.astrosurf.com/luxorion/vie-etoiles5.htm},
  urldate = {2019-03-27}
}

@online{comtegeorgesSyntheseElementsChimiques,
  langid = {french},
  title = {La synthèse des éléments chimiques - ppt télécharger},
  url = {https://slideplayer.fr/slide/1139670/},
  journaltitle = {slideplayer.fr},
  urldate = {2019-03-28},
  author = {{Comte Georges} and {Dasset Benoît} and {Ramponi Michel} and {Trouillot Gérard}}
}

@online{esslingerNebuleusesPlanetaires,
  langid = {french},
  title = {Les nébuleuses planétaires},
  url = {https://www.astronomes.com/le-soleil-et-les-etoiles/nebuleuse-planetaire},
  journaltitle = {Astronomie et Astrophysique},
  urldate = {2019-03-30},
  author = {Esslinger, Olivier}
}

@online{esslingerSupergeantes,
  langid = {french},
  title = {Les supergéantes},
  url = {https://www.astronomes.com/la-fin-des-etoiles-massives/supergeante},
  journaltitle = {Astronomie et Astrophysique},
  urldate = {2019-03-30},
  author = {Esslinger, Olivier}
}

@online{VieMortEtoiles,
  title = {Vie et Mort Des Étoiles : {{Page}} Pour l'impression},
  url = {https://media4.obspm.fr/public/ressources_lu/pages_vie-mort/impression.html},
  urldate = {2019-03-30}
}

@online{gispertjacquesPlanLogLog,
  title = {Plan Log ρ / Log {{T}}},
  url = {https://astronomia.fr/4eme_partie/planLogRhoLogT/plan.html},
  journaltitle = {astronomia.fr},
  urldate = {2019-03-30},
  author = {{Gispert Jacques}}
}

@online{EnergieEtoiles,
  langid = {french},
  title = {L'énergie des étoiles},
  url = {http://nrumiano.free.fr/Fetoiles/energie.html},
  urldate = {2019-03-30}
}

@article{bouquetINTRODUCTIONAUXSUPERNOVAE,
  langid = {french},
  title = {INTRODUCTION AUX SUPERNOVAE},
  pages = {48},
  author = {Bouquet, Alain}
}

@online{SupernovaeSupernovaRemnants,
  title = {Supernovae, {{Supernova Remnants}} and {{Young Earth Creationism FAQ}}},
  url = {http://www.talkorigins.org/faqs/supernova/},
  urldate = {2019-05-01}
}

@inreference{Processo2019,
  langid = {italian},
  title = {Processo r},
  url = {https://it.wikipedia.org/w/index.php?title=Processo_r&oldid=103197986},
  booktitle = {Wikipedia},
  urldate = {2019-05-02},
  date = {2019-03-08T15:20:24Z},
  note = {Page Version ID: 103197986}
}

@online{ChandraEducationalMaterials,
  title = {Chandra :: {{Educational Materials}} :: {{Investigating Supernova Remnants}} :: {{Introduction}} and {{Background}}},
  url = {http://chandra.harvard.edu/edu/formal/snr/bg3.html},
  urldate = {2019-05-02}
}

@online{FaconVivreProprea,
  title = {Une Façon de Vivre Propre Aux Étoiles - {{Le}} Diagramme {{HR}}},
  url = {http://www.astrosurf.com/luxorion/vie-etoiles2.htm},
  urldate = {2019-05-07}
}


