
@book{prialnikIntroductionTheoryStellar2009,
  langid = {english},
  location = {{Cambridge}},
  title = {An Introduction to the Theory of Stellar Structure and Evolution},
  edition = {2nd ed},
  isbn = {978-0-521-86604-0},
  pagetotal = {314},
  publisher = {{Cambridge University Press}},
  date = {2009},
  keywords = {Étoiles,évolution stellaire,structure interne (astronomie)},
  author = {Prialnik, Dina}
}

@book{kippenhahnStellarStructureEvolution1990,
  location = {{Berlin ; Heidelberg [etc.]}},
  title = {Stellar Structure and Evolution},
  isbn = {978-3-540-50211-1 978-0-387-50211-3},
  pagetotal = {468},
  series = {Astronomy and Astrophysics Library},
  publisher = {{Springer}},
  date = {1990},
  keywords = {évolution stellaire,formation stellaire},
  author = {Kippenhahn, Rudolf and Weigert, Alfred}
}

@book{branchSupernovaExplosions2017,
  location = {{Garching}},
  title = {Supernova Explosions},
  isbn = {978-3-662-55052-6},
  pagetotal = {721},
  publisher = {{Springer}},
  date = {2017},
  keywords = {Supernovae},
  author = {Branch, David and Wheeler, J. Craig}
}

@book{chandrasekharIntroductionStudyStellar1939,
  location = {{New York}},
  title = {An Introduction to the Study of Stellar Structure},
  pagetotal = {509},
  series = {Dover Books on Physics, Engineering},
  publisher = {{Dover}},
  date = {1939},
  keywords = {évolution stellaire},
  author = {Chandrasekhar, Subrahmanyan}
}

@book{audouzeAstrophysiqueNucleaire2003,
  location = {{Paris}},
  title = {L'astrophysique Nucléaire},
  edition = {4e éd. mise à jour},
  isbn = {978-2-13-053300-9},
  pagetotal = {127},
  number = {1473},
  series = {Que Sais-Je?},
  publisher = {{Presses universitaires de France}},
  date = {2003},
  keywords = {Astrophysique nucléaire},
  author = {Audouze, Jean and Vauclair, Sylvie}
}

@misc{courbinfredericPolycopieAstroIEPFL,
  langid = {french},
  title = {Polycopié\_AstroI\_EPFL.pdf},
  author = {Courbin Frédéric and {Meylan Georges}}
}

@misc{prof.p.jablonkaPolycopieAstroIIEPFL,
  langid = {french},
  title = {Polycopié\_AstroII\_EPFL.pdf},
  author = {{Prof. P. Jablonka}}
}

@online{esslingerGeantesRouges,
  langid = {french},
  title = {Les géantes rouges},
  url = {https://www.astronomes.com/le-soleil-et-les-etoiles/geante-rouge},
  journaltitle = {Astronomie et Astrophysique},
  urldate = {2019-03-27},
  author = {Esslinger, Olivier}
}

@online{FaconVivrePropre,
  title = {Une Façon de Vivre Propre Aux Étoiles - {{La}} Phase d'étoile Géante},
  url = {http://www.astrosurf.com/luxorion/vie-etoiles5.htm},
  urldate = {2019-03-27}
}

@online{comtegeorgesSyntheseElementsChimiques,
  langid = {french},
  title = {La synthèse des éléments chimiques - ppt télécharger},
  url = {https://slideplayer.fr/slide/1139670/},
  journaltitle = {slideplayer.fr},
  urldate = {2019-03-28},
  author = {{Comte Georges} and {Dasset Benoît} and {Ramponi Michel} and {Trouillot Gérard}}
}

@online{esslingerNebuleusesPlanetaires,
  langid = {french},
  title = {Les nébuleuses planétaires},
  url = {https://www.astronomes.com/le-soleil-et-les-etoiles/nebuleuse-planetaire},
  journaltitle = {Astronomie et Astrophysique},
  urldate = {2019-03-30},
  author = {Esslinger, Olivier}
}

@online{esslingerSupergeantes,
  langid = {french},
  title = {Les supergéantes},
  url = {https://www.astronomes.com/la-fin-des-etoiles-massives/supergeante},
  journaltitle = {Astronomie et Astrophysique},
  urldate = {2019-03-30},
  author = {Esslinger, Olivier}
}

@article{bouquetINTRODUCTIONAUXSUPERNOVAE,
  langid = {french},
  title = {INTRODUCTION AUX SUPERNOVAE},
  pages = {48},
  author = {Bouquet, Alain}
}

@online{EquationEtatInterieur,
  title = {Equation d'état à l'intérieur d'une Étoile},
  url = {http://chaours.rv.pagesperso-orange.fr/physique/Cosmo/soleil.htm},
  urldate = {2019-05-08}
}

@article{petriPhysiqueStellaire,
  langid = {french},
  title = {Physique stellaire},
  pages = {285},
  author = {Pétri, Jérôme}
}

@online{dr.balsaterzicLecture23Pdf,
  langid = {english},
  title = {Lecture\_23.Pdf},
  url = {http://www.nicadd.niu.edu/~bterzic/PHYS652/Lecture_23.pdf},
  urldate = {2019-05-31},
  author = {Dr. Balša Terzić}
}

@online{prof.shudemaoStellarEquationPdf,
  langid = {english},
  title = {{{stellarEquation}}.Pdf},
  url = {http://www.jb.man.ac.uk/~smao/starHtml/stellarEquation.pdf},
  urldate = {2019-05-09},
  author = {{Prof. Shude Mao}}
}

@inreference{TelescopeGeantEuropeen2019,
  langid = {french},
  title = {Télescope géant européen},
  url = {https://fr.wikipedia.org/w/index.php?title=T%C3%A9lescope_g%C3%A9ant_europ%C3%A9en&oldid=160772541},
  booktitle = {Wikipédia},
  urldate = {2019-08-01},
  date = {2019-07-09T16:44:47Z},
  note = {Page Version ID: 160772541}
}

@article{hugotPolissageSousContraintes2015,
  langid = {french},
  title = {Le polissage sous contraintes},
  issn = {1629-4475, 2269-8418},
  url = {http://www.photoniques.com/10.1051/photon/20157636},
  doi = {10.1051/photon/20157636},
  number = {76},
  journaltitle = {Photoniques},
  urldate = {2019-08-01},
  date = {2015-05},
  pages = {36-38},
  author = {Hugot, Emmanuel}
}

@online{brissonELTDerniereGeneration2017,
  langid = {french},
  title = {Les ELT, dernière génération des grands télescopes terrestres},
  url = {https://blogs.letemps.ch/pierre-brisson/2017/01/18/les-elt-derniere-generation-des-grands-telescopes-terrestres/},
  journaltitle = {Exploration spatiale},
  urldate = {2019-08-01},
  date = {2017-01-18T18:30:55+02:00},
  author = {Brisson, Pierre}
}

@online{informationeso.orgExtremelyLargeTelescope,
  langid = {french},
  title = {The Extremely Large Telescope},
  url = {https://www.eso.org/public/teles-instr/elt/},
  urldate = {2019-08-01},
  author = {{information@eso.org}}
}

@online{FigContributionActuelle,
  langid = {english},
  title = {Fig. 1.3: {{Contribution}} Actuellè a l'enrichissement Du Milieu...},
  url = {https://www.researchgate.net/figure/Contribution-actuelle-a-lenrichissement-du-milieu-interstellaire-enmati-ere-stellaire_fig3_278634561},
  shorttitle = {Fig. 1.3},
  journaltitle = {ResearchGate},
  urldate = {2019-08-03}
}

@online{informationeso.orgFirstInstrumentsEELT,
  langid = {french},
  title = {First Instruments for E-ELT Approved},
  url = {https://www.eso.org/public/announcements/ann15056/},
  journaltitle = {www.eso.org},
  urldate = {2019-08-03},
  author = {{information@eso.org}}
}

@inreference{MasseChandrasekhar2019,
  langid = {french},
  title = {Masse de Chandrasekhar},
  url = {https://fr.wikipedia.org/w/index.php?title=Masse_de_Chandrasekhar&oldid=156333291},
  booktitle = {Wikipédia},
  urldate = {2019-08-09},
  date = {2019-01-31T10:46:18Z},
  note = {Page Version ID: 156333291}
}

@article{montargesPerteMasseEtoiles,
  langid = {french},
  title = {Perte de masse des étoiles massives évoluées : l'environnement circumstellaire à haute résolution angulaire},
  pages = {218},
  author = {Montargès, Miguel}
}

@inreference{DisqueProtoplanetaire2019,
  langid = {french},
  title = {Disque protoplanétaire},
  url = {https://fr.wikipedia.org/w/index.php?title=Disque_protoplan%C3%A9taire&oldid=159103404},
  booktitle = {Wikipédia},
  urldate = {2019-08-20},
  date = {2019-05-08T14:06:51Z},
  note = {Page Version ID: 159103404}
}

@article{hookSupernovaeCosmologyFuture2013,
  archivePrefix = {arXiv},
  eprinttype = {arxiv},
  eprint = {1211.6586},
  title = {Supernovae and {{Cosmology}} with {{Future European Facilities}}},
  volume = {371},
  issn = {1364-503X, 1471-2962},
  url = {http://arxiv.org/abs/1211.6586},
  doi = {10.1098/rsta.2012.0282},
  number = {1992},
  journaltitle = {Proc. R. Soc. A},
  urldate = {2019-08-21},
  date = {2013-06-13},
  pages = {20120282},
  keywords = {Astrophysics - Cosmology and Nongalactic Astrophysics},
  author = {Hook, I. M.},
  annotation = {Comment: To appear in proceedings of the Royal Society scientific discussion meeting "New windows on transients across the Universe", 23-24 April 2012}
}

@online{e-eltscienceofficeESOEELTScience,
  title = {{{ESO}} - {{E}}-{{ELT Science}}},
  url = {https://www.eso.org/sci/facilities/eelt/science/},
  urldate = {2019-08-22},
  author = {{E-ELT Science Office}}
}


