
@book{prialnikIntroductionTheoryStellar2009,
  langid = {english},
  location = {{Cambridge}},
  title = {An Introduction to the Theory of Stellar Structure and Evolution},
  edition = {2nd ed},
  isbn = {978-0-521-86604-0},
  pagetotal = {314},
  publisher = {{Cambridge University Press}},
  date = {2009},
  keywords = {Étoiles,évolution stellaire,structure interne (astronomie)},
  author = {Prialnik, Dina}
}

@book{kippenhahnStellarStructureEvolution1990,
  location = {{Berlin ; Heidelberg [etc.]}},
  title = {Stellar Structure and Evolution},
  isbn = {978-3-540-50211-1 978-0-387-50211-3},
  pagetotal = {468},
  series = {Astronomy and Astrophysics Library},
  publisher = {{Springer}},
  date = {1990},
  keywords = {évolution stellaire,formation stellaire},
  author = {Kippenhahn, Rudolf and Weigert, Alfred}
}

@book{branchSupernovaExplosions2017,
  location = {{Garching}},
  title = {Supernova Explosions},
  isbn = {978-3-662-55052-6},
  pagetotal = {721},
  publisher = {{Springer}},
  date = {2017},
  keywords = {Supernovae},
  author = {Branch, David and Wheeler, J. Craig}
}

@book{chandrasekharIntroductionStudyStellar1939,
  location = {{New York}},
  title = {An Introduction to the Study of Stellar Structure},
  pagetotal = {509},
  series = {Dover Books on Physics, Engineering},
  publisher = {{Dover}},
  date = {1939},
  keywords = {évolution stellaire},
  author = {Chandrasekhar, Subrahmanyan}
}

@book{audouzeAstrophysiqueNucleaire2003,
  location = {{Paris}},
  title = {L'astrophysique Nucléaire},
  edition = {4e éd. mise à jour},
  isbn = {978-2-13-053300-9},
  pagetotal = {127},
  number = {1473},
  series = {Que Sais-Je?},
  publisher = {{Presses universitaires de France}},
  date = {2003},
  keywords = {Astrophysique nucléaire},
  author = {Audouze, Jean and Vauclair, Sylvie}
}

@misc{courbinfredericPolycopieAstroIEPFL,
  langid = {french},
  title = {Polycopié\_AstroI\_EPFL.pdf},
  author = {Courbin Frédéric and {Meylan Georges}}
}

@misc{prof.p.jablonkaPolycopieAstroIIEPFL,
  langid = {french},
  title = {Polycopié\_AstroII\_EPFL.pdf},
  author = {{Prof. P. Jablonka}}
}

@online{esslingerGeantesRouges,
  langid = {french},
  title = {Les géantes rouges},
  url = {https://www.astronomes.com/le-soleil-et-les-etoiles/geante-rouge},
  journaltitle = {Astronomie et Astrophysique},
  urldate = {2019-03-27},
  author = {Esslinger, Olivier}
}

@online{FaconVivrePropre,
  title = {Une Façon de Vivre Propre Aux Étoiles - {{La}} Phase d'étoile Géante},
  url = {http://www.astrosurf.com/luxorion/vie-etoiles5.htm},
  urldate = {2019-03-27}
}

@online{comtegeorgesSyntheseElementsChimiques,
  langid = {french},
  title = {La synthèse des éléments chimiques - ppt télécharger},
  url = {https://slideplayer.fr/slide/1139670/},
  journaltitle = {slideplayer.fr},
  urldate = {2019-03-28},
  author = {{Comte Georges} and {Dasset Benoît} and {Ramponi Michel} and {Trouillot Gérard}}
}

@online{esslingerNebuleusesPlanetaires,
  langid = {french},
  title = {Les nébuleuses planétaires},
  url = {https://www.astronomes.com/le-soleil-et-les-etoiles/nebuleuse-planetaire},
  journaltitle = {Astronomie et Astrophysique},
  urldate = {2019-03-30},
  author = {Esslinger, Olivier}
}

@online{esslingerSupergeantes,
  langid = {french},
  title = {Les supergéantes},
  url = {https://www.astronomes.com/la-fin-des-etoiles-massives/supergeante},
  journaltitle = {Astronomie et Astrophysique},
  urldate = {2019-03-30},
  author = {Esslinger, Olivier}
}

@online{gispertjacquesPlanLogLog,
  title = {Plan Log ρ / Log {{T}}},
  url = {https://astronomia.fr/4eme_partie/planLogRhoLogT/plan.html},
  journaltitle = {astronomia.fr},
  urldate = {2019-03-30},
  author = {{Gispert Jacques}}
}

@article{bouquetINTRODUCTIONAUXSUPERNOVAE,
  langid = {french},
  title = {INTRODUCTION AUX SUPERNOVAE},
  pages = {48},
  author = {Bouquet, Alain}
}

@online{EquationEtatInterieur,
  title = {Equation d'état à l'intérieur d'une Étoile},
  url = {http://chaours.rv.pagesperso-orange.fr/physique/Cosmo/soleil.htm},
  urldate = {2019-05-08}
}

@article{petriPhysiqueStellaire,
  langid = {french},
  title = {Physique stellaire},
  pages = {285},
  author = {Pétri, Jérôme}
}

@online{dr.balsaterzicLecture23Pdf,
  langid = {english},
  title = {Lecture\_23.Pdf},
  url = {http://www.nicadd.niu.edu/~bterzic/PHYS652/Lecture_23.pdf},
  urldate = {2019-05-31},
  author = {Dr. Balša Terzić}
}

@online{prof.shudemaoStellarEquationPdf,
  langid = {english},
  title = {{{stellarEquation}}.Pdf},
  url = {http://www.jb.man.ac.uk/~smao/starHtml/stellarEquation.pdf},
  urldate = {2019-05-09},
  author = {{Prof. Shude Mao}}
}


